@article{Onwujekwe2005,
  doi = {10.1186/1475-2875-4-29},
  url = {http://dx.doi.org/10.1186/1475-2875-4-29},
  year  = {2005},
  publisher = {Springer Science $\mathplus$ Business Media},
  volume = {4},
  number = {1},
  pages = {29},
  author = {Obinna Onwujekwe and Benjamin Uzochukwu and Nkoli Ezumah and Elvis Shu},
  journal = {Malar J}
}