@article{Ashton2015,
  doi = {10.1186/s12889-015-2680-7},
  url = {http://dx.doi.org/10.1186/s12889-015-2680-7},
  year  = {2015},
  month = {dec},
  publisher = {Springer Science $\mathplus$ Business Media},
  volume = {16},
  number = {1},
  author = {Ruth A. Ashton and Takele Kefyalew and Esey Batisso and Tessema Awano and Zelalem Kebede and Gezahegn Tesfaye and Tamiru Mesele and Sheleme Chibsa and Richard Reithinger and Simon J. Brooker},
  title = {The usefulness of school-based syndromic surveillance for detecting malaria epidemics: experiences from a pilot project in Ethiopia},
  journal = {{BMC} Public Health}
}

@article{Attanayake2000,
  doi = {10.1046/j.1365-3156.2000.00612.x},
  url = {http://dx.doi.org/10.1046/j.1365-3156.2000.00612.x},
  year  = {2000},
  month = {sep},
  publisher = {Wiley-Blackwell},
  volume = {5},
  number = {9},
  pages = {595--606},
  author = {Nimal Attanayake and Julia Fox-Rushby and Anne Mills},
  title = {Household costs of {\textquotesingle}malaria{\textquotesingle} morbidity: a study in Matale district,  Sri Lanka},
  journal = {Trop Med Int Health}
}

@article{Berg2014,
  doi = {10.1371/journal.pone.0088257},
  url = {http://dx.doi.org/10.1371/journal.pone.0088257},
  year  = {2014},
  month = {feb},
  publisher = {Public Library of Science ({PLoS})},
  volume = {9},
  number = {2},
  pages = {e88257},
  author = {Aase Berg and Sam Patel and P{\aa}l Aukrust and Catarina David and Miguel Gonca and Einar S. Berg and Ingvild Dalen and Nina Langeland},
  editor = {Abdisalan Mohamed Noor},
  title = {Increased Severity and Mortality in Adults Co-Infected with Malaria and {HIV} in Maputo,  Mozambique: A Prospective Cross-Sectional Study},
  journal = {{PLoS} {ONE}}
}

@article{BttoMenezes2016,
  doi = {10.1371/journal.pntd.0004494},
  url = {http://dx.doi.org/10.1371/journal.pntd.0004494},
  year  = {2016},
  month = {mar},
  publisher = {Public Library of Science ({PLoS})},
  volume = {10},
  number = {3},
  pages = {e0004494},
  author = {Camila B{\^{o}}tto-Menezes and Azucena Bardaj{\'{\i}} and Giselane dos Santos Campos and Silke Fernandes and Kara Hanson and Flor Ernestina Mart{\'{\i}}nez-Espinosa and Clara Men{\'{e}}ndez and Elisa Sicuri},
  editor = {Nicholas P. Day},
  title = {Costs Associated with Malaria in Pregnancy in the Brazilian Amazon,  a Low Endemic Area Where Plasmodium vivax Predominates},
  journal = {{PLoS} Negl Trop Dis}
}

@article{CastilloRiquelme2008,
  doi = {10.1111/j.1365-3156.2007.01979.x},
  url = {http://dx.doi.org/10.1111/j.1365-3156.2007.01979.x},
  year  = {2008},
  month = {feb},
  publisher = {Wiley-Blackwell},
  volume = {13},
  number = {1},
  pages = {108--122},
  author = {Marianela Castillo-Riquelme and Diane McIntyre and Karen Barnes},
  title = {Household burden of malaria in South Africa and Mozambique: is there a catastrophic impact?},
  journal = {Tropical Medicine {\&} International Health}
}


@article{dhs,
author = {USAID},
title = {{Demographic and Health Survey in Mozambique}},
year = {2011}
}


@article{Idro2010,
  doi = {10.1203/pdr.0b013e3181eee738},
  url = {http://dx.doi.org/10.1203/PDR.0b013e3181eee738},
  year  = {2010},
  month = {oct},
  publisher = {Nature Publishing Group},
  volume = {68},
  number = {4},
  pages = {267--274},
  author = {Richard Idro and Kevin Marsh and Chandy C John and Charles R J Newton},
  title = {Cerebral Malaria: Mechanisms of Brain Injury and Strategies for Improved Neurocognitive Outcome},
  journal = {Pediatr Res}
}

@article{Kimbi2005,
  doi = {10.4314/eamj.v82i2.9261},
  url = {http://dx.doi.org/10.4314/eamj.v82i2.9261},
  year  = {2005},
  month = {jun},
  publisher = {African Journals Online ({AJOL})},
  volume = {82},
  number = {2},
  author = {HK Kimbi and NW Awah and KNJ Ndamukong and JV Mbuh},
  title = {Malaria infection and its consequences in school children},
  journal = {E Af Med Jrnl}
}

@article{King2015,
  doi = {10.1371/journal.pone.0138362},
  url = {http://dx.doi.org/10.1371/journal.pone.0138362},
  year  = {2015},
  month = {sep},
  publisher = {Public Library of Science ({PLoS})},
  volume = {10},
  number = {9},
  pages = {e0138362},
  author = {Nia King and Cate Dewey and David Borish},
  editor = {Jacobus van Wouwe},
  title = {Determinants of Primary School Non-Enrollment and Absenteeism: Results from a Retrospective,  Convergent Mixed Methods,  Cohort Study in Rural Western Kenya},
  journal = {{PLOS} {ONE}}
}

@article{Konradsen1997,
  url = {http://www.ajtmh.org/content/56/6/656.long},
  year  = {1997},
  publisher = {The American Society of Tropical Medicine and Hygiene},
  volume = 56,
  number = {6},
  pages = {656-660},
  author = {F Konradsen and P Wim Van Der Hoek and H Priyanie and F Amsersainghe},
  title = {Measuring the economic cost of malaria to households in Sri Lanka},
  journal = {American Journal of Tropica Medicine and Hygiene}
}

@article{Mabunda2008,
  doi = {10.1186/1475-2875-7-216},
  url = {http://dx.doi.org/10.1186/1475-2875-7-216},
  year  = {2008},
  publisher = {Springer Science $\mathplus$ Business Media},
  volume = {7},
  number = {1},
  pages = {216},
  author = {Samuel Mabunda and S{\'{o}}nia Casimiro and Lloren{\c{c}} Quinto and Pedro Alonso},
  title = {A country-wide malaria survey in Mozambique. I. Plasmodium falciparum infection in children in different epidemiological settings},
  journal = {Malar J}
}


@article{Ross2011,
  doi = {10.1371/journal.pone.0018391},
  url = {http://dx.doi.org/10.1371/journal.pone.0018391},
  year  = {2011},
  month = {apr},
  publisher = {Public Library of Science ({PLoS})},
  volume = {6},
  number = {4},
  pages = {e18391},
  author = {Amanda Ross and Nicolas Maire and Elisa Sicuri and Thomas Smith and Lesong Conteh},
  editor = {Erika Martins Braga},
  title = {Determinants of the Cost-Effectiveness of Intermittent Preventive Treatment for Malaria in Infants and Children},
  journal = {{PLoS} {ONE}}
}

@Article{Sachs2002,
  Title                    = {The economic and social burden of malaria},
  Author                   = {Sachs, Jeffrey and Malaney, Pia},
  Journal                  = {Nature},
  Year                     = {2002},

  Month                    = {Feb},
  Number                   = {6872},
  Pages                    = {680â€“685},
  Volume                   = {415},

  Doi                      = {10.1038/415680a},
  ISSN                     = {0028-0836},
  Owner                    = {joebrew},
  Publisher                = {Nature Publishing Group},
  Timestamp                = {2016.04.04},
  Url                      = {http://dx.doi.org/10.1038/415680a}
}

@article{Sauboin2015,
  doi = {10.1016/j.jval.2015.09.132},
  url = {http://dx.doi.org/10.1016/j.jval.2015.09.132},
  year  = {2015},
  month = {nov},
  publisher = {Elsevier {BV}},
  volume = {18},
  number = {7},
  pages = {A338--A339},
  author = {C Sauboin and E Sicuri and L Van Bellinghen and N Van de Velde and I Van Vlaenderen},
  title = {Public Health Impact and cost-Effectiveness of Malaria routine Vaccination in Infants},
  journal = {Value in Health}
}

@article{Sicuri2010,
  doi = {10.1371/journal.pone.0013407},
  url = {http://dx.doi.org/10.1371/journal.pone.0013407},
  year  = {2010},
  month = {oct},
  publisher = {Public Library of Science ({PLoS})},
  volume = {5},
  number = {10},
  pages = {e13407},
  author = {Elisa Sicuri and Azucena Bardaj{\'{\i}} and Tacilta Nhampossa and Maria Maixenchs and Ariel Nhacolo and Delino Nhalungo and Pedro L. Alonso and Clara Men{\'{e}}ndez},
  editor = {Lorenz von Seidlein},
  title = {Cost-Effectiveness of Intermittent Preventive Treatment of Malaria in Pregnancy in Southern Mozambique},
  journal = {{PLoS} {ONE}}
}

@article{Sicuri2013,
  doi = {10.1186/1475-2875-12-307},
  url = {http://dx.doi.org/10.1186/1475-2875-12-307},
  year  = {2013},
  publisher = {Springer Science $\mathplus$ Business Media},
  volume = {12},
  number = {1},
  pages = {307},
  author = {Elisa Sicuri and Ana Vieta and Leandro Lindner and Dagna Constenla and Christophe Sauboin},
  title = {The economic costs of malaria in children in three sub-Saharan countries: Ghana,  Tanzania and Kenya},
  journal = {Malar J}
}


@article{Singh2014,
  doi = {10.1016/j.ijgo.2014.05.002},
  url = {http://dx.doi.org/10.1016/j.ijgo.2014.05.002},
  year  = {2014},
  month = {oct},
  publisher = {Elsevier {BV}},
  volume = {127},
  number = {1},
  pages = {35--40},
  author = {Kavita Singh and Allisyn Moran and William Story and Patricia Bailey and Leonardo Chavane},
  title = {Acknowledging {HIV} and malaria as major causes of maternal mortality in Mozambique},
  journal = {International Journal of Gynecology {\&} Obstetrics}
}

@article{Thuilliez2010,
  doi = {10.1016/j.socscimed.2010.02.027},
  url = {http://dx.doi.org/10.1016/j.socscimed.2010.02.027},
  year  = {2010},
  month = {jul},
  publisher = {Elsevier {BV}},
  volume = {71},
  number = {2},
  pages = {324--334},
  author = {Josselin Thuilliez and Mahamadou S. Sissoko and Ousmane B. Toure and Paul Kamate and Jean-Claude Berth{\'{e}}lemy and Ogobara K. Doumbo},
  title = {Malaria and primary education in Mali: A longitudinal study in the village of Don{\'{e}}gu{\'{e}}bougou},
  journal = {Social Science {\&} Medicine}
}

@article{VitorSilva2009,
  doi = {10.1186/1475-2875-8-230},
  url = {http://dx.doi.org/10.1186/1475-2875-8-230},
  year  = {2009},
  publisher = {Springer Science $\mathplus$ Business Media},
  volume = {8},
  number = {1},
  pages = {230},
  author = {Sheila Vitor-Silva and Roberto C Reyes-Lecca and Tamam RA Pinheiro and Marcus VG Lacerda},
  title = {Malaria is associated with poor school performance in an endemic area of the Brazilian Amazon},
  journal = {Malar J}
}

@article{Vorasan2015,
  doi = {10.1186/s12936-015-0917-7},
  url = {http://dx.doi.org/10.1186/s12936-015-0917-7},
  year  = {2015},
  month = {oct},
  publisher = {Springer Science $\mathplus$ Business Media},
  volume = {14},
  number = {1},
  author = {Nutchavadee Vorasan and Wirichada Pan-Ngum and Podjanee Jittamala and Wanchai Maneeboonyang and Prasert Rukmanee and Saranath Lawpoolsri},
  title = {Long-term impact of childhood malaria infection on school performance among school children in a malaria endemic area along the Thai{\textendash}Myanmar border},
  journal = {Malar J}
}

@article{World1999,
author = {Brundtland, Gro Harlem},
issn = {00987921},
number = {2},
pages = {396--402},
title = {{WHO on Health and Economic Productivity}},
volume = {25},
year = {1999}
}


@article{Zuilkowski2014,
  doi = {10.1111/bjep.12033},
  url = {http://dx.doi.org/10.1111/bjep.12033},
  year  = {2014},
  month = {jan},
  publisher = {Wiley-Blackwell},
  volume = {84},
  number = {3},
  pages = {483--501},
  author = {Stephanie S. Zuilkowski and Matthew C. H. Jukes},
  title = {Early childhood malaria prevention and children{\textquotesingle}s patterns of school leaving in the Gambia},
  journal = {Br J Educ Psychol}
}