@article{Smith2011,
  doi = {10.1186/1475-2875-10-200},
  url = {http://dx.doi.org/10.1186/1475-2875-10-200},
  year  = {2011},
  publisher = {Springer Science $\mathplus$ Business Media},
  volume = {10},
  number = {1},
  pages = {200},
  author = {Rachel A Smith and Victoria C Barclay and Jill L Findeis},
  title = {Investigating preferences for mosquito-control technologies in Mozambique with latent class analysis},
  journal = {Malar J}
}