@article{Bloom2004,
  doi = {10.1016/j.worlddev.2003.07.002},
  url = {http://dx.doi.org/10.1016/j.worlddev.2003.07.002},
  year  = {2004},
  month = {jan},
  publisher = {Elsevier {BV}},
  volume = {32},
  number = {1},
  pages = {1--13},
  author = {David E. Bloom and David Canning and Jaypee Sevilla},
  title = {The Effect of Health on Economic Growth: A Production Function Approach},
  journal = {World Development}
}

@article{Carstensen2006,
  doi = {10.1093/wber/lhl001},
  url = {http://dx.doi.org/10.1093/wber/lhl001},
  year  = {2006},
  month = {aug},
  publisher = {Oxford University Press ({OUP})},
  volume = {20},
  number = {3},
  pages = {309--339},
  author = {K. Carstensen},
  title = {The Primacy of Institutions Reconsidered: Direct Income Effects of Malaria Prevalence},
  journal = {The World Bank Economic Review}
}

@Article{Chima2003,
  Title                    = {The economic impact of malaria in {Africa}: a critical review of the evidence},
  Author                   = {Chima, Reginald Ikechukwu and Goodman, Catherine A and Mills, Anne},
  Journal                  = {Health Policy},
  Year                     = {2003},

  Month                    = {Jan},
  Number                   = {1},
  Pages                    = {17–36},
  Volume                   = {63},

  Doi                      = {10.1016/s0168-8510(02)00036-2},
  ISSN                     = {0168-8510},
  Owner                    = {joebrew},
  Publisher                = {Elsevier BV},
  Timestamp                = {2016.04.04},
  Url                      = {http://dx.doi.org/10.1016/S0168-8510(02)00036-2}
}

@Article{Gallup1998,
  Title                    = {The economic burden of malaria},
  Author                   = {Gallup, John Luke and Sachs, Jeffrey D},
  Journal                  = {Center for International Development at Harvard},
  Year                     = {1998},

  Month                    = {Oct},
  Pages                    = {1-20},

  ISSN                     = {0168-8510},
  Timestamp                = {2016.04.04},
  Url                      = {http://earth.columbia.edu/sitefiles/file/about/director/pubs/mal_wb.pdf}
}

@article{Hay2008,
  doi = {10.1016/s1473-3099(08)70069-0},
  url = {http://dx.doi.org/10.1016/S1473-3099(08)70069-0},
  year  = {2008},
  month = {jun},
  publisher = {Elsevier {BV}},
  volume = {8},
  number = {6},
  pages = {369--378},
  author = {Simon I Hay and David L Smith and Robert W Snow},
  title = {Measuring malaria endemicity from intense to interrupted transmission},
  journal = {The Lancet Infectious Diseases}
}

@article{Hsiao2015,
  doi = {10.1016/j.jegh.2014.10.001},
  url = {http://dx.doi.org/10.1016/j.jegh.2014.10.001},
  year  = {2015},
  month = {mar},
  publisher = {Elsevier {BV}},
  volume = {5},
  number = {1},
  pages = {41--48},
  author = {Allan J. Hsiao and Connor A. Emdin},
  title = {The association between development assistance for health and malaria,  {HIV} and tuberculosis mortality: A cross-national analysis},
  journal = {Journal of Epidemiology and Global Health}
}


@misc{rbm2011,
  Author = {Roll Back Malaria},
  Title                    = {Business Investing in Malaria Control: Economic Returns and a Healthy Workforce for Africa},
  Journal                  = {Roll Back Malaria},
  Year                     = {2011},
  Url                      = {http://www.rollbackmalaria.org/microsites/ProgressImpactSeries/docs/report6-en.pdf}
}


@Article{Sachs2002,
  Title                    = {The economic and social burden of malaria},
  Author                   = {Sachs, Jeffrey and Malaney, Pia},
  Journal                  = {Nature},
  Year                     = {2002},

  Month                    = {Feb},
  Number                   = {6872},
  Pages                    = {680–685},
  Volume                   = {415},

  Doi                      = {10.1038/415680a},
  ISSN                     = {0028-0836},
  Owner                    = {joebrew},
  Publisher                = {Nature Publishing Group},
  Timestamp                = {2016.04.04},
  Url                      = {http://dx.doi.org/10.1038/415680a}
}


@article{Zafar2007,
  doi = {10.1093/wbro/lkm001},
  url = {http://dx.doi.org/10.1093/wbro/lkm001},
  year  = {2007},
  month = {feb},
  publisher = {Oxford University Press ({OUP})},
  volume = {22},
  number = {1},
  pages = {103--130},
  author = {A. Zafar},
  title = {The Growing Relationship Between China and Sub-Saharan Africa: Macroeconomic,  Trade,  Investment,  and Aid Links},
  journal = {The World Bank Research Observer}
}