@article{Alonso2011,
  doi = {10.1371/journal.pmed.1000406},
  url = {http://dx.doi.org/10.1371/journal.pmed.1000406},
  year  = {2011},
  month = {jan},
  publisher = {Public Library of Science ({PLoS})},
  volume = {8},
  number = {1},
  pages = {e1000406},
  author = {Pedro L. Alonso and Graham Brown and Myriam Arevalo-Herrera and Fred Binka and Chetan Chitnis and Frank Collins and Ogobara K. Doumbo and Brian Greenwood and B. Fenton Hall and Myron M. Levine and Kamini Mendis and Robert D. Newman and Christopher V. Plowe and Mario Henry Rodr{\'{\i}}guez and Robert Sinden and Laurence Slutsker and Marcel Tanner},
  title = {A Research Agenda to Underpin Malaria Eradication},
  journal = {{PLoS} Med}
}

@article{Barofsky2015,
  doi = {10.1016/j.jhealeco.2015.08.002},
  url = {http://dx.doi.org/10.1016/j.jhealeco.2015.08.002},
  year  = {2015},
  month = {dec},
  publisher = {Elsevier {BV}},
  volume = {44},
  pages = {118--136},
  author = {Jeremy Barofsky and Tobenna D. Anekwe and Claire Chase},
  title = {Malaria eradication and economic outcomes in sub-Saharan Africa: Evidence from Uganda},
  journal = {Journal of Health Economics}
}

@Article{Chima2003,
  Title                    = {The economic impact of malaria in {Africa}: a critical review of the evidence},
  Author                   = {Chima, Reginald Ikechukwu and Goodman, Catherine A and Mills, Anne},
  Journal                  = {Health Policy},
  Year                     = {2003},

  Month                    = {Jan},
  Number                   = {1},
  Pages                    = {17–36},
  Volume                   = {63},

  Doi                      = {10.1016/s0168-8510(02)00036-2},
  ISSN                     = {0168-8510},
  Owner                    = {joebrew},
  Publisher                = {Elsevier BV},
  Timestamp                = {2016.04.04},
  Url                      = {http://dx.doi.org/10.1016/S0168-8510(02)00036-2}
}


@article{Eckhoff2014,
  doi = {10.1186/1475-2875-13-486},
  url = {http://dx.doi.org/10.1186/1475-2875-13-486},
  year  = {2014},
  publisher = {Springer Science $\mathplus$ Business Media},
  volume = {13},
  number = {1},
  pages = {486},
  author = {Philip A Eckhoff and Caitlin A Bever and Jaline Gerardin and Edward A Wenger},
  title = {Fun with maths: exploring implications of mathematical models for malaria eradication},
  journal = {Malar J}
}

@Manual{Kovalchik2015,
    title = {RISmed: Download Content from NCBI Databases},
    author = {Stephanie Kovalchik},
    year = {2015},
    note = {R package version 2.1.5},
    url = {https://CRAN.R-project.org/package=RISmed},
  }

 @Manual{R,
    title = {R: A Language and Environment for Statistical Computing},
    author = {{R Core Team}},
    organization = {R Foundation for Statistical Computing},
    address = {Vienna, Austria},
    year = {2015},
    url = {https://www.R-project.org/},
  }

@Article{Sachs2002,
  Title                    = {The economic and social burden of malaria},
  Author                   = {Sachs, Jeffrey and Malaney, Pia},
  Journal                  = {Nature},
  Year                     = {2002},

  Month                    = {Feb},
  Number                   = {6872},
  Pages                    = {680–685},
  Volume                   = {415},

  Doi                      = {10.1038/415680a},
  ISSN                     = {0028-0836},
  Owner                    = {joebrew},
  Publisher                = {Nature Publishing Group},
  Timestamp                = {2016.04.04},
  Url                      = {http://dx.doi.org/10.1038/415680a}
}

@article{Snow2015,
  doi = {10.1186/s12916-014-0254-7},
  url = {http://dx.doi.org/10.1186/s12916-014-0254-7},
  year  = {2015},
  publisher = {Springer Science $\mathplus$ Business Media},
  volume = {13},
  number = {1},
  pages = {23},
  author = {Robert W Snow},
  title = {Global malaria eradication and the importance of Plasmodium falciparum epidemiology in Africa},
  journal = {{BMC} Medicine}
}

@article{Tanner2015,
  doi = {10.1186/s12916-015-0384-6},
  url = {http://dx.doi.org/10.1186/s12916-015-0384-6},
  year  = {2015},
  month = {jul},
  publisher = {Springer Science $\mathplus$ Business Media},
  volume = {13},
  number = {1},
  author = {Marcel Tanner and Brian Greenwood and Christopher J. M. Whitty and Evelyn K. Ansah and Ric N. Price and Arjen M. Dondorp and Lorenz von Seidlein and J. Kevin Baird and James G. Beeson and Freya J.I. Fowkes and Janet Hemingway and Kevin Marsh and Faith Osier},
  title = {Malaria eradication and elimination: views on how to translate a vision into reality},
  journal = {{BMC} Medicine}
}

@Book{ggplot2,
    author = {Hadley Wickham},
    title = {ggplot2: Elegant Graphics for Data Analysis},
    publisher = {Springer-Verlag New York},
    year = {2009},
    isbn = {978-0-387-98140-6},
    url = {http://had.co.nz/ggplot2/book},
  }