@article{CastilloRiquelme2008,
  doi = {10.1111/j.1365-3156.2007.01979.x},
  url = {http://dx.doi.org/10.1111/j.1365-3156.2007.01979.x},
  year  = {2008},
  month = {feb},
  publisher = {Wiley-Blackwell},
  volume = {13},
  number = {1},
  pages = {108--122},
  author = {Marianela Castillo-Riquelme and Diane McIntyre and Karen Barnes},
  title = {Household burden of malaria in South Africa and Mozambique: is there a catastrophic impact?},
  journal = {Tropical Medicine {\&} International Health}
}

@article{Mabunda2008,
  doi = {10.1186/1475-2875-7-216},
  url = {http://dx.doi.org/10.1186/1475-2875-7-216},
  year  = {2008},
  publisher = {Springer Science $\mathplus$ Business Media},
  volume = {7},
  number = {1},
  pages = {216},
  author = {Samuel Mabunda and S{\'{o}}nia Casimiro and Lloren{\c{c}} Quinto and Pedro Alonso},
  title = {A country-wide malaria survey in Mozambique. I. Plasmodium falciparum infection in children in different epidemiological settings},
  journal = {Malar J}
}

@article{Idro2010,
  doi = {10.1203/pdr.0b013e3181eee738},
  url = {http://dx.doi.org/10.1203/PDR.0b013e3181eee738},
  year  = {2010},
  month = {oct},
  publisher = {Nature Publishing Group},
  volume = {68},
  number = {4},
  pages = {267--274},
  author = {Richard Idro and Kevin Marsh and Chandy C John and Charles R J Newton},
  title = {Cerebral Malaria: Mechanisms of Brain Injury and Strategies for Improved Neurocognitive Outcome},
  journal = {Pediatr Res}
}

@article{Murray2014,
  doi = {10.1016/s0140-6736(14)60844-8},
  url = {http://dx.doi.org/10.1016/S0140-6736(14)60844-8},
  year  = {2014},
  month = {sep},
  publisher = {Elsevier {BV}},
  volume = {384},
  number = {9947},
  pages = {1005--1070},
  author = {Christopher J L Murray and Katrina F Ortblad and Caterina Guinovart and Stephen S Lim and Timothy M Wolock and D Allen Roberts and Emily A Dansereau and Nicholas Graetz and Ryan M Barber and Jonathan C Brown and Haidong Wang and Herbert C Duber and Mohsen Naghavi and Daniel Dicker and Lalit Dandona and Joshua A Salomon and Kyle R Heuton and Kyle Foreman and David E Phillips and Thomas D Fleming and Abraham D Flaxman and Bryan K Phillips and Elizabeth K Johnson and Megan S Coggeshall and Foad Abd-Allah and Semaw Ferede Abera and Jerry P Abraham and Ibrahim Abubakar and Laith J Abu-Raddad and Niveen Me Abu-Rmeileh and Tom Achoki and Austine Olufemi Adeyemo and Ars{\`{e}}ne Kouablan Adou and Jos{\'{e}} C Adsuar and Emilie Elisabet Agardh and Dickens Akena and Mazin J Al Kahbouri and Deena Alasfoor and Mohammed I Albittar and Gabriel Alcal{\'{a}}-Cerra and Miguel Angel Alegretti and Zewdie Aderaw Alemu and Rafael Alfonso-Cristancho and Samia Alhabib and Raghib Ali and Francois Alla and Peter J Allen and Ubai Alsharif and Elena Alvarez and Nelson Alvis-Guzman and Adansi A Amankwaa and Azmeraw T Amare and Hassan Amini and Walid Ammar and Benjamin O Anderson and Carl Abelardo T Antonio and Palwasha Anwari and Johan \"{A}rnl\"{o}v and Valentina S Arsic Arsenijevic and Ali Artaman and Rana J Asghar and Reza Assadi and Lydia S Atkins and Alaa Badawi and Kalpana Balakrishnan and Amitava Banerjee and Sanjay Basu and Justin Beardsley and Tolesa Bekele and Michelle L Bell and Eduardo Bernabe and Tariku Jibat Beyene and Neeraj Bhala and Ashish Bhalla and Zulfiqar A Bhutta and Aref Bin Abdulhak and Agnes Binagwaho and Jed D Blore and Berrak Bora Basara and Dipan Bose and Michael Brainin and Nicholas Breitborde and Carlos A Casta{\~{n}}eda-Orjuela and Ferr{\'{a}}n Catal{\'{a}}-L{\'{o}}pez and Vineet K Chadha and Jung-Chen Chang and Peggy Pei-Chia Chiang and Ting-Wu Chuang and Mercedes Colomar and Leslie Trumbull Cooper and Cyrus Cooper and Karen J Courville and Benjamin C Cowie and Michael H Criqui and Rakhi Dandona and Anand Dayama and Diego De Leo and Louisa Degenhardt and Borja Del Pozo-Cruz and Kebede Deribe and Don C Des Jarlais and Muluken Dessalegn and Samath D Dharmaratne and U{\u{g}}ur Dilmen and Eric L Ding and Tim R Driscoll and Adnan M Durrani and Richard G Ellenbogen and Sergey Petrovich Ermakov and Alireza Esteghamati and Emerito Jose A Faraon and Farshad Farzadfar and Seyed-Mohammad Fereshtehnejad and Daniel Obadare Fijabi and Mohammad H Forouzanfar and Urbano Fra.Paleo and Lynne Gaffikin and Amiran Gamkrelidze and Fortun{\'{e}} Gb{\`{e}}toho Gankp{\'{e}} and Johanna M Geleijnse and Bradford D Gessner and Katherine B Gibney and Ibrahim Abdelmageem Mohamed Ginawi and Elizabeth L Glaser and Philimon Gona and Atsushi Goto and Hebe N Gouda and Harish Chander Gugnani and Rajeev Gupta and Rahul Gupta and Nima Hafezi-Nejad and Randah Ribhi Hamadeh and Mouhanad Hammami and Graeme J Hankey and Hilda L Harb and Josep Maria Haro and Rasmus Havmoeller and Simon I Hay and Mohammad T Hedayati and Ileana B Heredia Pi and Hans W Hoek and John C Hornberger and H Dean Hosgood and Peter J Hotez and Damian G Hoy and John J Huang and Kim M Iburg and Bulat T Idrisov and Kaire Innos and Kathryn H Jacobsen and Panniyammakal Jeemon and Paul N Jensen and Vivekanand Jha and Guohong Jiang and Jost B Jonas and Knud Juel and Haidong Kan and Ida Kankindi and Nadim E Karam and Andr{\'{e}} Karch and Corine Kakizi Karema and Anil Kaul and Norito Kawakami and Dhruv S Kazi and Andrew H Kemp and Andre Pascal Kengne and Andre Keren and Maia Kereselidze and Yousef Saleh Khader and Shams Eldin Ali Hassan Khalifa and Ejaz Ahmed Khan and Young-Ho Khang and Irma Khonelidze and Yohannes Kinfu and Jonas M Kinge and Luke Knibbs and Yoshihiro Kokubo and S Kosen and Barthelemy Kuate Defo and Veena S Kulkarni and Chanda Kulkarni and Kaushalendra Kumar and Ravi B Kumar and G Anil Kumar and Gene F Kwan and Taavi Lai and Arjun Lakshmana Balaji and Hilton Lam and Qing Lan and Van C Lansingh and Heidi J Larson and Anders Larsson and Jong-Tae Lee and James Leigh and Mall Leinsalu and Ricky Leung and Yichong Li and Yongmei Li and Gra{\c{c}}a Maria Ferreira De Lima and Hsien-Ho Lin and Steven E Lipshultz and Shiwei Liu and Yang Liu and Belinda K Lloyd and Paulo A Lotufo and Vasco Manuel Pedro Machado and Jennifer H Maclachlan and Carlos Magis-Rodriguez and Marek Majdan and Christopher Chabila Mapoma and Wagner Marcenes and Melvin Barrientos Marzan and Joseph R Masci and Mohammad Taufiq Mashal and Amanda J Mason-Jones and Bongani M Mayosi and Tasara T Mazorodze and Abigail Cecilia Mckay and Peter A Meaney and Man Mohan Mehndiratta and Fabiola Mejia-Rodriguez and Yohannes Adama Melaku and Ziad A Memish and Walter Mendoza and Ted R Miller and Edward J Mills and Karzan Abdulmuhsin Mohammad and Ali H Mokdad and Glen Liddell Mola and Lorenzo Monasta and Marcella Montico and Ami R Moore and Rintaro Mori and Wilkister Nyaora Moturi and Mitsuru Mukaigawara and Kinnari S Murthy and Aliya Naheed and Kovin S Naidoo and Luigi Naldi and Vinay Nangia and K M Venkat Narayan and Denis Nash and Chakib Nejjari and Robert G Nelson and Sudan Prasad Neupane and Charles R Newton and Marie Ng and Muhammad Imran Nisar and Sandra Nolte and Ole F Norheim and Vincent Nowaseb and Luke Nyakarahuka and In-Hwan Oh and Takayoshi Ohkubo and Bolajoko O Olusanya and Saad B Omer and John Nelson Opio and Orish Ebere Orisakwe and Jeyaraj D Pandian and Christina Papachristou and Angel J Paternina Caicedo and Scott B Patten and Vinod K Paul and Boris Igor Pavlin and Neil Pearce and David M Pereira and Aslam Pervaiz and Konrad Pesudovs and Max Petzold and Farshad Pourmalek and Dima Qato and Amado D Quezada and D Alex Quistberg and Anwar Rafay and Kazem Rahimi and Vafa Rahimi-Movaghar and Sajjad Ur Rahman and Murugesan Raju and Saleem M Rana and Homie Razavi and Robert Quentin Reilly and Giuseppe Remuzzi and Jan Hendrik Richardus and Luca Ronfani and Nobhojit Roy and Nsanzimana Sabin and Mohammad Yahya Saeedi and Mohammad Ali Sahraian and Genesis May J Samonte and Monika Sawhney and Ione J C Schneider and David C Schwebel and Soraya Seedat and Sadaf G Sepanlou and Edson E Servan-Mori and Sara Sheikhbahaei and Kenji Shibuya and Hwashin Hyun Shin and Ivy Shiue and Rupak Shivakoti and Inga Dora Sigfusdottir and Donald H Silberberg and Andrea P Silva and Edgar P Simard and Jasvinder A Singh and Vegard Skirbekk and Karen Sliwa and Samir Soneji and Sergey S Soshnikov and Chandrashekhar T Sreeramareddy and Vasiliki Kalliopi Stathopoulou and Konstantinos Stroumpoulis and Soumya Swaminathan and Bryan L Sykes and Karen M Tabb and Roberto Tchio Talongwa and Eric Yeboah Tenkorang and Abdullah Sulieman Terkawi and Alan J Thomson and Andrew L Thorne-Lyman and Jeffrey A Towbin and Jefferson Traebert and Bach X Tran and Zacharie Tsala Dimbuene and Miltiadis Tsilimbaris and Uche S Uchendu and Kingsley N Ukwaja and Selen Beg\"{u}m Uzun and Andrew J Vallely and Tommi J Vasankari and N Venketasubramanian and Francesco S Violante and Vasiliy Victorovich Vlassov and Stein Emil Vollset and Stephen Waller and Mitchell T Wallin and Linhong Wang and XiaoRong Wang and Yanping Wang and Scott Weichenthal and Elisabete Weiderpass and Robert G Weintraub and Ronny Westerman and Richard A White and James D Wilkinson and Thomas Neil Williams and Solomon Meseret Woldeyohannes and John Q Wong and Gelin Xu and Yang C Yang and Yuichiro Yano and Gokalp Kadri Yentur and Paul Yip and Naohiro Yonemoto and Seok-Jun Yoon and Mustafa Younis and Chuanhua Yu and Kim Yun Jin and Maysaa El Sayed Zaki and Yong Zhao and Yingfeng Zheng and Maigeng Zhou and Jun Zhu and Xiao Nong Zou and Alan D Lopez and Theo Vos},
  title = {Global,  regional,  and national incidence and mortality for {HIV},  tuberculosis,  and malaria during 1990{\textendash}2013: a systematic analysis for the Global Burden of Disease Study 2013},
  journal = {The Lancet}
}

@article{World1999,
author = {Brundtland, Gro Harlem},
file = {:home/joebrew/.local/share/data/Mendeley Ltd./Mendeley Desktop/Downloaded/Brundtland - 1999 - WHO on Health and Economic Productivity.pdf:pdf},
issn = {00987921},
number = {2},
pages = {396--402},
title = {{WHO on Health and Economic Productivity}},
volume = {25},
year = {1999}
}

@article{dhs,
author = {USAID},
title = {{Demographic and Health Survey in Mozambique}},
year = {2011}
}

@article{Singh2014,
  doi = {10.1016/j.ijgo.2014.05.002},
  url = {http://dx.doi.org/10.1016/j.ijgo.2014.05.002},
  year  = {2014},
  month = {oct},
  publisher = {Elsevier {BV}},
  volume = {127},
  number = {1},
  pages = {35--40},
  author = {Kavita Singh and Allisyn Moran and William Story and Patricia Bailey and Leonardo Chavane},
  title = {Acknowledging {HIV} and malaria as major causes of maternal mortality in Mozambique},
  journal = {International Journal of Gynecology {\&} Obstetrics}
}

@article{Berg2014,
  doi = {10.1371/journal.pone.0088257},
  url = {http://dx.doi.org/10.1371/journal.pone.0088257},
  year  = {2014},
  month = {feb},
  publisher = {Public Library of Science ({PLoS})},
  volume = {9},
  number = {2},
  pages = {e88257},
  author = {Aase Berg and Sam Patel and P{\aa}l Aukrust and Catarina David and Miguel Gonca and Einar S. Berg and Ingvild Dalen and Nina Langeland},
  editor = {Abdisalan Mohamed Noor},
  title = {Increased Severity and Mortality in Adults Co-Infected with Malaria and {HIV} in Maputo,  Mozambique: A Prospective Cross-Sectional Study},
  journal = {{PLoS} {ONE}}
}