@Article{Chima2003,
  Title                    = {The economic impact of malaria in {Africa}: a critical review of the evidence},
  Author                   = {Chima, Reginald Ikechukwu and Goodman, Catherine A and Mills, Anne},
  Journal                  = {Health Policy},
  Year                     = {2003},

  Month                    = {Jan},
  Number                   = {1},
  Pages                    = {17–36},
  Volume                   = {63},

  Doi                      = {10.1016/s0168-8510(02)00036-2},
  ISSN                     = {0168-8510},
  Owner                    = {joebrew},
  Publisher                = {Elsevier BV},
  Timestamp                = {2016.04.04},
  Url                      = {http://dx.doi.org/10.1016/S0168-8510(02)00036-2}
}


@Article{Sachs2002,
  Title                    = {The economic and social burden of malaria},
  Author                   = {Sachs, Jeffrey and Malaney, Pia},
  Journal                  = {Nature},
  Year                     = {2002},

  Month                    = {Feb},
  Number                   = {6872},
  Pages                    = {680–685},
  Volume                   = {415},

  Doi                      = {10.1038/415680a},
  ISSN                     = {0028-0836},
  Owner                    = {joebrew},
  Publisher                = {Nature Publishing Group},
  Timestamp                = {2016.04.04},
  Url                      = {http://dx.doi.org/10.1038/415680a}
}
